@string{jlsURL="\htmladdnormallink
        {http://www.java.sun.com/docs/books/jls/index.html}
        {http://www.java.sun.com/docs/books/jls/index.html}"}

@string{xmlURL="\htmladdnormallink
        {http://www.w3.org/TR/REC-xml}
        {http://www.w3.org/TR/REC-xml}"}

@string{xsd0URL="\htmladdnormallink
        {http://www.w3.org/TR/xmlschema-0}
        {http://www.w3.org/TR/xmlschema-0}"}

@string{xsd2URL="\htmladdnormallink
        {http://www.w3.org/TR/xmlschema-2}
        {http://www.w3.org/TR/xmlschema-2}"}

@string{condorURL="\htmladdnormallink
        {http://www.cs.wisc.edu/condor}
        {http://www.cs.wisc.edu/condor}"}

@string{classadURL="\htmladdnormallink
        {http://www.cs.wisc.edu/condor/classad}
        {http://www.cs.wisc.edu/condor/classad}"}

@string{ramanURL="\htmladdnormallink
        {http://www.cs.wisc.edu/condor/doc/rajesh.dissert.pdf}
        {http://www.cs.wisc.edu/condor/doc/rajesh.dissert.pdf}"}

@string{hpdcURL="\htmladdnormallink
        {http://www.cs.wisc.edu/condor/doc/hpdc98.ps}
        {http://www.cs.wisc.edu/condor/doc/hpdc98.ps}"}

@article{CONDOR_EXP,
  author        = "Litzkow, M. J. and Livny, M.",
  title         = "{E}xperience with the {C}ondor {D}istributed {B}atch {S}ystem",
  journal       = "IEEE Workshop on Experimental Distributed Systems",
  year          = "1990"
}


@inproceedings{CONDOR_HUNT,
  author        = "Litzkow, M. J. and Livny, M. and Mutka, M. W.",
  title         = "{C}ondor---{A} {H}unter of {I}dle {W}orkstations",
  booktitle     = "Proc. of the 8th Int'l Conf. on Distributed Computing Systems",
  year          = "1988",
  pages         = "104--111"
}

@book{JLS,
    author = {Joy (Editor), Bill and Guy Steele and James Gosling
        and Gilad Bracha},
    title = {The Java Language Specification (Second Edition)},
    publisher = {Addison--Wesley Pub Co.},
    year = {2000},
    note = "Available online at " # jlsURL
}

@misc{XML,
    author = {Tim Bray and Jean Paoli and C. M. Sperberg-McQueen and Eve Maler},
    title = {{E}xtensible {M}arkup {L}anguage ({XML}) 1.0 (Second Edition)},
    year = {2000},
    note = "Available online at " # xmlURL
}

@misc{XSD-0,
    author = {David C. Fallside},
    title = {{XML} {S}chema {P}art 0: {P}rimer},
    year = {2001},
    note = "Available online at " # xsd0URL
}

@misc{XSD-2,
    author = {Paul V. Biron and Ashok Malhotra},
    title = {{XML} {S}chema {P}art 2: {D}atatypes},
    year = {2001},
    note = "Available online at " # xsd2URL
}

@misc{CLASSAD_ALPHA,
    author = {Rajesh Raman and Miron Livny and James Pruyne and Wieru Cai},
    title = {{C}lassified {A}dvertisements: {O}fficial {S}pecification
                {V}ersion {A}lpha},
    month = apr,
    year = 1997,
    note = "Unpublished Manuscript"
}

@misc{CONDOR_HOME,
    title = {Condor: {H}igh {T}hroughput {C}omputing},
    note = "Available online at " # condorURL
}

@misc{CLASSAD_HOME,
    title = {Classified {A}dvertisements},
    note = "Available online at " # classadURL
}

@phdthesis{RAMAN_THESIS,
    author = "Rajesh Raman",
    title = "Matchmaking Frameworks for Distributed Resource Management",
    school = "University of Wisconsin---Madision",
    month = oct,
    year = 2000,
    note = "Available online at " # ramanURL
}

@inproceedings{HPDC,
    author = "Rajesh Raman and Miron Livny and Marvin Solomon",
    title = "Matchmaking: Distributed Resource Management for High
        Throughput Computing",
    booktitle = "Proceedings of the Seventh IEEE International Symposium on
        High Performance Distributed Computing",
    month = jul,
    year = 1998,
    note = "Available online at " # hpdcURL
}
